<?xml version="1.0" encoding="UTF-8"?><collection xmlns="http://www.loc.gov/MARC21/slim"><record><leader>00392nam--2200133-i-4500</leader><controlfield tag="001">000038225</controlfield><controlfield tag="002">20161230</controlfield><controlfield tag="005">20161230201041</controlfield><controlfield tag="008">060222s1000------------r-----000-0-eng-d</controlfield><datafield ind1=" " ind2=" " tag="100"><subfield code="a">Reimann, Richard</subfield></datafield><datafield ind1=" " ind2=" " tag="245"><subfield code="a">La structure de la raie de resonance magnetique des protons du dpph a basse temperature</subfield></datafield><datafield ind1=" " ind2=" " tag="260"><subfield code="a">Geneve, Imprimerie Albert Kundig, 1961, 85p</subfield></datafield><datafield ind1=" " ind2=" " tag="490"><subfield code="a">Dissert</subfield></datafield><datafield ind1=" " ind2=" " tag="852"><subfield code="a">19142</subfield></datafield></record></collection>